%%%%%%%%%%%%%%%%%%%%%%%%%%%%%%%%%%%%%%%%%%%%%%%%%%%%%%%%%%%
% BIB FILE WITH SOME EXAMPLES OF DISTINC PUBLICATON TYPES %
%%%%%%%%%%%%%%%%%%%%%%%%%%%%%%%%%%%%%%%%%%%%%%%%%%%%%%%%%%%
%%% EUSFLAT 2019 EUSFLAT 2019 EUSFLAT 2019 EUSFLAT 2019 %%%
%%%%%%%%%%%%%%%%%%%%%%%%%%%%%%%%%%%%%%%%%%%%%%%%%%%%%%%%%%%


@article{FriedmanTello2002,
  doi = {10.1016/s0022-247x(02)00147-6},
  year = {2002},
  month = aug,
  publisher = {Elsevier {BV}},
  volume = {272},
  number = {1},
  pages = {138--163},
  author = {Avner Friedman and J.Ignacio Tello},
  title = {Stability of solutions of chemotaxis equations in reinforced random walks},
  journal = {Journal of Mathematical Analysis and Applications}
}

@phdthesis{MPlank:Angiogenesis,
  author      = {Michael John Plank},
  school      = {The University of Leeds, Department of Applied Mathematics},
  title       = {Cell-Based Models of Tumour Angiogenesis},
  year        = {2003}
}

@misc{chemotaxisEncyclopedia,
  author       = {Encyclop√¶dia Britannica, Inc.},
  howpublished = {Encyclopaedia Brittanica},
  title        = {Chemotaxis},
  year         = {1911}
}

@article{Jackson2006,
  doi = {10.1016/j.cub.2006.07.015},
  year = {2006},
  month = aug,
  publisher = {Elsevier {BV}},
  volume = {16},
  number = {15},
  pages = {R570--R574},
  author = {Duncan Jackson and Francis Ratnieks},
  title = {Communication in ants},
  journal = {Current Biology}
}

@article{Goss1989,
  doi = {10.1007/bf00462870},
  year = {1989},
  month = dec,
  publisher = {Springer Science and Business Media {LLC}},
  volume = {76},
  number = {12},
  pages = {579--581},
  author = {S. Goss and S. Aron and J. L. Deneubourg and J. M. Pasteels},
  title = {Self-organized shortcuts in the Argentine ant},
  journal = {Naturwissenschaften}
}

@article{Codling2008,
  doi = {10.1098/rsif.2008.0014},
  year = {2008},
  month = apr,
  publisher = {The Royal Society},
  volume = {5},
  number = {25},
  pages = {813--834},
  author = {Edward A Codling and Michael J Plank and Simon Benhamou},
  title = {Random walk models in biology},
  journal = {Journal of The Royal Society Interface}
}

@article{Pemantle2007,
  author =   {Robin Pemantle},
  title =    {A Survey of Random Processes with Reinforcement},
  journal =  {Probability Surveys},
  publisher = {Institute of Mathematical Statistics},
  year =     {2007},
  volume =   {4},
}

@misc{RiaDas2017,
      title={Exploring the Ant Mill: Numerical and Analytical Investigations of Mixed Memory-Reinforcement Systems}, 
      author={Ria Das},
      year={2017},
      eprint={1703.06859},
      archivePrefix={arXiv},
      primaryClass={math.AP}
}

@article{Stevens1997,
  doi = {10.1137/s0036139995288976},
  url = {https://doi.org/10.1137/s0036139995288976},
  year = {1997},
  month = aug,
  publisher = {Society for Industrial {\&} Applied Mathematics ({SIAM})},
  volume = {57},
  number = {4},
  pages = {1044--1081},
  author = {Angela Stevens and Hans G. Othmer},
  title = {Aggregation,  Blowup,  and Collapse: The {ABC}{\textquotesingle}s of Taxis in Reinforced Random Walks},
  journal = {{SIAM} Journal on Applied Mathematics}
}

@article{Couzin2003,
  doi = {10.1098/rspb.2002.2210},
  url = {https://doi.org/10.1098/rspb.2002.2210},
  year = {2003},
  month = jan,
  publisher = {The Royal Society},
  volume = {270},
  number = {1511},
  pages = {139--146},
  author = {I. D. Couzin and N. R. Franks},
  title = {Self-organized lane formation and optimized traffic flow in army ants},
  journal = {Proceedings of the Royal Society of London. Series B: Biological Sciences}
}

@article{Haller2000,
  doi = {10.1016/s0167-2789(00)00142-1},
  url = {https://doi.org/10.1016/s0167-2789(00)00142-1},
  year = {2000},
  month = dec,
  publisher = {Elsevier {BV}},
  volume = {147},
  number = {3-4},
  pages = {352--370},
  author = {G. Haller and G. Yuan},
  title = {Lagrangian coherent structures and mixing in two-dimensional turbulence},
  journal = {Physica D: Nonlinear Phenomena}
}

@misc{LCSTut,
  author       = {Shawn Shadden},
  title        = {Lagrangian Coherent Structures: Analysis of time-dependent dynamical systems using finite-time Lyapunov exponents},
  year         = {2005}
}
